@article{blackwellrte,
author = {Thomas H. Blackwell and Jay S. Kaufman},
title = {Response Time Effectiveness:Comparison of Response Time and Survival in an Urban Emergency Medical Services System},
journal = {Academic Emergency Medicine},
volume = {9},
number = {4},
pages = {288-295},
keywords = {prehospital, emergency medical services, response time, effectiveness, standards},
doi = {10.1197/aemj.9.4.288},
url = {https://onlinelibrary.wiley.com/doi/abs/10.1197/aemj.9.4.288},
eprint = {https://onlinelibrary.wiley.com/doi/pdf/10.1197/aemj.9.4.288},
}
@inproceedings{maxwell2009ambulance,
  title={Ambulance redeployment: An approximate dynamic programming approach},
  author={Maxwell, Matthew S and Henderson, Shane G and Topaloglu, Huseyin},
  booktitle={Winter Simulation Conference},
  pages={1850--1860},
  year={2009},
  organization={Winter Simulation Conference}
}
@inproceedings{yue2012efficient,
  title={An Efficient Simulation-Based Approach to Ambulance Fleet Allocation and Dynamic Redeployment.},
  author={Yue, Yisong and Marla, Lavanya and Krishnan, Ramayya},
  booktitle={AAAI},
  year={2012}
}

@article{peleg2004geographic,
  title={A geographic information system simulation model of EMS: reducing ambulance response time},
  author={Peleg, Kobi and Pliskin, Joseph S},
  journal={The American journal of emergency medicine},
  volume={22},
  number={3},
  pages={164--170},
  year={2004},
  publisher={Elsevier}
}